@book{leino2023program,
  title={Program Proofs},
  author={K. Rustan M. Leino},
  isbn={9780262375429},
  lccn={2022047224},
  url={https://books.google.bg/books?id=98p3EAAAQBAJ},
  year={2023},
  publisher={MIT Press}
}

@article{Lucio_2017,
   title={A Tutorial on Using Dafny to Construct Verified Software},
   volume={237},
   ISSN={2075-2180},
   url={http://dx.doi.org/10.4204/EPTCS.237.1},
   DOI={10.4204/eptcs.237.1},
   journal={Electronic Proceedings in Theoretical Computer Science},
   publisher={Open Publishing Association},
   author={Lucio, Paqui},
   year={2017},
   month=jan, pages={1â€“19} 
}

@article{Fedchin2023,
 author = {Aleksandr Fedchin and Tyler Dean and Jeffrey S. Foster and Eric Mercer and Zvonimir Rakamaric and Giles Reger and Neha Rungta and Robin Salkeld and Lucas Wagner and Cassidy Waldrip},
 title = {A toolkit for automated testing of Dafny},
 year = {2023},
 url = {https://www.amazon.science/publications/a-toolkit-for-automated-testing-of-dafny},
}

@misc{Patterson2013,
	author = {Jason KOENIG a and K. Rustan M. LEINO },
	title = {Getting Started with Dafny: A Guide},
	year = {2013},
	url = {http://www.cs.berkeley.edu/~pattrsn/talks/writingtips.html},
	note = {Last accessed 16 July 2013}
}